@misc{c2ka_foundations,
    title={Foundations of Communicating Concurrent Kleene Algebra},
    url={https://carleton.ca/jaskolka/wp-content/uploads/CAS-13-07-RK.pdf},
    key = {value},journal={Carleton University},
    publisher={McMaster University},
    author={Jaskolka, Jason and Khedri, Ridha and Zhang, Qinglei},
    year={2015},
    month={Feb}}

@misc{health_and_safety,
    title={Office ergonomics - positioning the Monitor},
    url={https://www.ccohs.ca/oshanswers/ergonomics/office/monitor_positioning.html},
    journal={Canadian Centre for Occupational Health and Safety},
    publisher={CCOHS},
    author={Government of Canada, Canadian Centre for Occupational Health and Safety},
    year={2024}, month={May}}

@misc{implicit_interactions,
    title={ Identifying Implicit Component Interactions in Distributed Cyber-Physical Systems},
    url={https://scholarspace.manoa.hawaii.edu/server/api/core/bitstreams/ee616add-f1b6-46fa-85d6-cd1069aef9c0/content},
    journal={Scholarspace},
    publisher={Hawaii International Conference},
    author={Jaskolka, Jason and Villasenor, John},
    year={2017}}

@misc{manu_cell,
    title={Distributed Manufacturing Cell Control System - C2KA System Specification},
    url={https://gitlab.com/CyberSEA-Public/ImplicitInteractionsAnalysisTool/-/blob/master/doc/ManufacturingCell/ManufacturingCell.pdf},
    journal={GitLab},
    publisher={CyberSea Research Lab, Carleton University},
    author={Jaskolka, Jason},
    year={2020}}

@misc{repo_diagram,
    title={U2C test diagrams},
    url={https://github.com/4907-49-2024/diagrams},
    journal={GitHub},
    author={Marques, Alexandre},
    year={2025}}

@misc{repo_u2c,
    title={UML to C2KA Converter},
    url={https://github.com/4907-49-2024/U2C},
    journal={GitHub},
    author={Marques, Alexandre},
    year={2025}}

@misc{repo_iiat,
    title={Distributed Manufacturing Cell Control System - C2KA System Specification},
    url={https://gitlab.com/CyberSEA-Public/ImplicitInteractionsAnalysisTool},
    journal={GitLab},
    author={Research Lab, CyberSEA},
    year={2021}}

@misc{gcl,
    title={Guarded Commands, Nondeterminacy and Formal Derivation of Programs},
    url={http://www.cs.toronto.edu/~chechik/courses05/csc410/readings/dijkstra.pdf},
    journal={University of Toronto},
    publisher={Burroughs Corporation},
    author={ Dijkstra, Edsger W.}, year={1975}}