@misc{c2ka_foundations,
    title={Foundations of Communicating Concurrent Kleene Algebra},
    url={https://carleton.ca/jaskolka/wp-content/uploads/CAS-13-07-RK.pdf},
    key = {value},journal={Carleton University},
    publisher={McMaster University},
    author={Jaskolka, Jason and Khedri, Ridha and Zhang, Qinglei},
    year={2015},
    month={Feb}}
